
@book{NC00,
    Author = {Michael Nielsen and Isaac Chuang},
    Title = {Quantum Computation and Quantum Information},
    Publisher = {Cambridge University Press},
    Address = {Cambridge, UK},
    Year = {2000}
}
